<record><leader>00000cas a22000007a 4500</leader><controlfield tag="001">31636913</controlfield><controlfield tag="008">941209d190u1916okuwr n       0    0eng d</controlfield><datafield ind1=" " ind2=" " tag="010"><subfield code="a">sn 94061307 </subfield></datafield><datafield ind1=" " ind2=" " tag="040"><subfield code="a">OBN</subfield><subfield code="b">eng</subfield><subfield code="c">OBN</subfield><subfield code="d">OCL</subfield><subfield code="d">OCLCQ</subfield><subfield code="d">OCLCF</subfield><subfield code="d">OCLCO</subfield></datafield><datafield ind1="1" ind2=" " tag="029"><subfield code="a">AU@</subfield><subfield code="b">000011427709</subfield></datafield><datafield ind1=" " ind2=" " tag="042"><subfield code="a">msc</subfield></datafield><datafield ind1=" " ind2=" " tag="043"><subfield code="a">n-us-ok</subfield></datafield><datafield ind1="0" ind2=" " tag="130"><subfield code="a">Star=gazette (Sallisaw, Okla.)</subfield></datafield><datafield ind1="1" ind2="4" tag="245"><subfield code="a">The Star=gazette.</subfield></datafield><datafield ind1=" " ind2=" " tag="260"><subfield code="a">Sallisaw, Okla. :</subfield><subfield code="b">M.S. Blassingame</subfield></datafield><datafield ind1=" " ind2=" " tag="300"><subfield code="a">v.</subfield></datafield><datafield ind1=" " ind2=" " tag="310"><subfield code="a">Weekly</subfield></datafield><datafield ind1="0" ind2=" " tag="362"><subfield code="a">-v.23, no. 41 (July 28, 1916).</subfield></datafield><datafield ind1=" " ind2=" " tag="588"><subfield code="a">Description based on: Vol. 2, no. 41 (Aug. 14, 1908).</subfield></datafield><datafield ind1=" " ind2="0" tag="651"><subfield code="a">Sallisaw (Okla.)</subfield><subfield code="v">Newspapers.</subfield></datafield><datafield ind1=" " ind2="0" tag="651"><subfield code="a">Sequoyah County (Okla.)</subfield><subfield code="v">Newspapers.</subfield></datafield><datafield ind1=" " ind2="7" tag="655"><subfield code="a">Newspapers.</subfield><subfield code="2">fast</subfield><subfield code="0">(OCoLC)fst01423814</subfield></datafield><datafield ind1=" " ind2="7" tag="651"><subfield code="a">Oklahoma</subfield><subfield code="z">Sallisaw.</subfield><subfield code="2">fast</subfield><subfield code="0">(OCoLC)fst01220332</subfield></datafield><datafield ind1=" " ind2="7" tag="651"><subfield code="a">Oklahoma</subfield><subfield code="z">Sequoyah County.</subfield><subfield code="2">fast</subfield><subfield code="0">(OCoLC)fst01220317</subfield></datafield><datafield ind1=" " ind2=" " tag="752"><subfield code="a">United States</subfield><subfield code="b">Oklahoma</subfield><subfield code="c">Sequoyah</subfield><subfield code="d">Sallisaw.</subfield></datafield><datafield ind1="0" ind2="4" tag="780"><subfield code="t">Sallisaw star</subfield><subfield code="w">(DLC)sn 94061306</subfield><subfield code="w">(OCoLC)31636706</subfield></datafield><datafield ind1="0" ind2="4" tag="780"><subfield code="t">Sallisaw gazette</subfield><subfield code="w">(DLC)sn 88074684</subfield><subfield code="w">(OCoLC)17701517</subfield></datafield><datafield ind1="0" ind2="7" tag="785"><subfield code="t">Sequoyah County democrat</subfield><subfield code="w">(DLC)sn 86064171</subfield><subfield code="w">(OCoLC)13686401</subfield></datafield><datafield ind1="0" ind2="7" tag="785"><subfield code="t">Sequoyah County democrat (&amp; star-gazette)</subfield><subfield code="w">(DLC)sn 94061308</subfield><subfield code="w">(OCoLC)31637487</subfield></datafield></record>